% !TeX root = ..\main.tex

@book{test,
  author    = {Test Author and Tobias Test},
  editor    = {Test Editor},
  publisher = {Test Publisher},
  title     = {Test Title},
  year      = {1990}
}

@book{BeginningNeo4j,
  author    = {Chri Kemper},
  publisher = {Apress},
  title     = {Beginning Neo4j},
  year      = {2015}
}

@book{PractivalNeo4j,
  author    = {Gregory Jordan},
  publisher = {Apress},
  title     = {Practical Neo4j},
  year      = {2014}
}

@online{neo4j:allgemeins,
  author = {Neo4j, Inc},
  title  = {What is a graph database?},
  date   = {2023},
  url    = {https://neo4j.com/docs/getting-started/current/get-started-with-neo4j/graph-database/#:~:text=A%20Neo4j%20graph%20database%20stores,thinking%20about%20and%20using%20it.}
}

@online{neo4j:Values,
  author = {Neo4j, Inc},
  title  = {Values and types},
  date   = {2023},
  url    = {https://neo4j.com/docs/cypher-manual/current/syntax/values/}
}
@online{neo4j:Graph,
  author = {Neo4j, Inc},
  title  = {Graph database concepts},
  date   = {2023},
  url    = {https://neo4j.com/docs/getting-started/current/appendix/graphdb-concepts/}
}
@online{juypiter:Graph,
  author = {Veit Schiele},
  title  = {Graph database systems},
  date   = {2019},
  url    = {https://jupyter-tutorial.readthedocs.io/en/stable/data-processing/nosql/graph-db.html}
}

@online{neo4j:theorigin,
  author = {Amit Raja Naik},
  title  = {The origin of Neo4j},
  date   = {2022},
  url    = {https://analyticsindiamag.com/the-origin-of-neo4j/}
}

@online{neo4j:docker,
  author = {Neo4j, Inc},
  title  = {Docker, Introduction - Operations Manual},
  date   = {2023},
  url    = {https://neo4j.com/docs/operations-manual/current/docker/introduction/}
}

@online{neo4j:cypher-manual,
  author = {Neo4j, Inc},
  title  = {The Neo4j Cypher Manual v5},
  date   = {2023},
  url    = {https://neo4j.com/docs/cypher-manual/current/}
}

@online{db-engines,
  author = {DB-Engines},
  title  = {DB-Engines Ranking},
  date   = {2023},
  url    = {https://db-engines.com/en/ranking/graph+dbms}
}

@misc{neo4j:cypher,
  author  = {Neo4j, Inc},
  title   = {{Cypher Query Language - Developer Guides}},
  journal = {Neo4j Graph Data Platform},
  year    = {2023},
  month   = mar,
  url     = {https://neo4j.com/developer/cypher}
}

@misc{neo4j:acid,
  title   = {{What is Neo4j (Graph Dabatase)? Complete Overview of Neo4j}},
  journal = {Graphable},
  year    = {2022},
  month   = dec,
  url     = {https://www.graphable.ai/software/what-is-neo4j-graph-database}
}
@online{neo4j:consistency-checker,
  author  = {Neo4j, Inc},
  title   = {{Consistency checker - Operations Manual}},
  journal = {Neo4j Graph Data Platform},
  year    = {2023},
  month   = mar,
  url     = {https://neo4j.com/docs/operations-manual/current/tools/neo4j-admin/consistency-checker}
}

@misc{noe4j:clustering,
  author  = {Neo4j, Inc},
  title   = {{Clustering - Operations Manual}},
  journal = {Neo4j Graph Data Platform},
  year    = {2023},
  month   = mar,
  url     = {https://neo4j.com/docs/operations-manual/current/clustering}
}
@misc{neo4j:mainpage,
  author  = {Neo4j, Inc.},
  title   = {{Neo4j Graph Database}},
  journal = {Neo4j Graph Data Platform},
  year    = {2022},
  month   = nov,
  url     = {https://neo4j.com/product/neo4j-graph-database}
}
@misc{neo4j:installation,
  author  = {Neo4j, Inc.},
  title   = {{Installation}},
  journal = {Neo4j Graph Data Platform},
  year    = {2022},
  month   = nov,
  url     = {https://neo4j.com/docs/operations-manual/current/installation/}
}
@book{book:scaling-neo4j,
  author    = {Krishnan, Krish},
  title     = {{Building Big Data Applications}},
  journal   = {ScienceDirect},
  year      = {2020},
  isbn      = {978-0-12-815746-6},
  publisher = {Elsevier, Academic Press},
  doi       = {10.1016/C2017-0-03463-8}
}

@online{performance,
  author  = {Benjamin Guegan},
  title   = {{Neo4j Performance Architecture Explained {\&} 6 Tuning Tips}},
  journal = {Graphable},
  year    = {2021},
  month   = sep,
  url     = {https://www.graphable.ai/blog/neo4j-performance}
}